@online{ref1,
  author = {asee},
  title  = {History of Authentication: From Zero to Hero},
  year   = {2022},
  url    = {https://cybersecurity.asee.io/blog/history-of-authentication/},
  urldate = {11-04-2024}
}

@online{ref2,
  author = {Microsoft},
  title  = {What is authentication?},
  year   = {2024},
  url    = {https://www.microsoft.com/en-us/security/business/security-101/what-is-authentication},
  urldate = {11-04-2024}
}

@online{ref3,
  author = {LoginTC},
  title  = {Biometric Authentication},
  year   = {2024},
  url    = {https://www.logintc.com/types-of-authentication/biometric-authentication},
  urldate = {11-04-2024}
}

@online{ref4,
  author = {EPFL},
  title  = {SCITAS User Documentation},
  year   = {2024},
  url    = {https://scitas-doc.epfl.ch/},
  urldate = {04-06-2024}
}

@misc{ref5,
  author = {Bernardo de Araujo},
  title  = {Counter (CTR) mode encryption},
  url    = {https://bernardoamc.com/ctr-mode-introduction/},
  urldate = {04-06-2024}
}

@online{ref6,
  author = {Scholarly Community Encyclopedia},
  title  = {Partition Problem},
  year   = {2023},
  url    = {https://encyclopedia.pub/entry/28608},
  urldate = {04-06-2024}
}
